%YAML 1.1
%TAG !u! tag:unity3d.com,2011:
--- !u!1 &7124150616553187994
GameObject:
  m_ObjectHideFlags: 0
  m_CorrespondingSourceObject: {fileID: 0}
  m_PrefabInstance: {fileID: 0}
  m_PrefabAsset: {fileID: 0}
  serializedVersion: 6
  m_Component:
  - component: {fileID: 7124150616553187984}
  - component: {fileID: 7124150616553187985}
  - component: {fileID: 7124150616553187990}
  - component: {fileID: 7124150616553187991}
  - component: {fileID: 7124150616553187988}
  - component: {fileID: 7124150616553187989}
  m_Layer: 5
  m_Name: Board-02
  m_TagString: Untagged
  m_Icon: {fileID: 0}
  m_NavMeshLayer: 0
  m_StaticEditorFlags: 0
  m_IsActive: 0
--- !u!224 &7124150616553187984
RectTransform:
  m_ObjectHideFlags: 0
  m_CorrespondingSourceObject: {fileID: 0}
  m_PrefabInstance: {fileID: 0}
  m_PrefabAsset: {fileID: 0}
  m_GameObject: {fileID: 7124150616553187994}
  m_LocalRotation: {x: -0, y: -0, z: 0.043619405, w: 0.9990483}
  m_LocalPosition: {x: 0, y: 0, z: 0}
  m_LocalScale: {x: 0.74999994, y: 0.74999994, z: 1}
  m_Children: []
  m_Father: {fileID: 7124150618458407627}
  m_RootOrder: 3
  m_LocalEulerAnglesHint: {x: 0, y: 0, z: 5}
  m_AnchorMin: {x: 0, y: 0.5}
  m_AnchorMax: {x: 0, y: 0.5}
  m_AnchoredPosition: {x: -25, y: -25}
  m_SizeDelta: {x: 1080, y: 1079}
  m_Pivot: {x: 0, y: 0.5}
--- !u!222 &7124150616553187985
CanvasRenderer:
  m_ObjectHideFlags: 0
  m_CorrespondingSourceObject: {fileID: 0}
  m_PrefabInstance: {fileID: 0}
  m_PrefabAsset: {fileID: 0}
  m_GameObject: {fileID: 7124150616553187994}
  m_CullTransparentMesh: 1
--- !u!114 &7124150616553187990
MonoBehaviour:
  m_ObjectHideFlags: 0
  m_CorrespondingSourceObject: {fileID: 0}
  m_PrefabInstance: {fileID: 0}
  m_PrefabAsset: {fileID: 0}
  m_GameObject: {fileID: 7124150616553187994}
  m_Enabled: 1
  m_EditorHideFlags: 0
  m_Script: {fileID: 11500000, guid: fe87c0e1cc204ed48ad3b37840f39efc, type: 3}
  m_Name: 
  m_EditorClassIdentifier: 
  m_Material: {fileID: 0}
  m_Color: {r: 1, g: 1, b: 1, a: 1}
  m_RaycastTarget: 1
  m_RaycastPadding: {x: 0, y: 0, z: 0, w: 0}
  m_Maskable: 1
  m_OnCullStateChanged:
    m_PersistentCalls:
      m_Calls: []
  m_Sprite: {fileID: 21300000, guid: 56a04865131214995a37a9249d9e4235, type: 3}
  m_Type: 0
  m_PreserveAspect: 0
  m_FillCenter: 1
  m_FillMethod: 4
  m_FillAmount: 1
  m_FillClockwise: 1
  m_FillOrigin: 0
  m_UseSpriteMesh: 0
  m_PixelsPerUnitMultiplier: 1
--- !u!114 &7124150616553187991
MonoBehaviour:
  m_ObjectHideFlags: 0
  m_CorrespondingSourceObject: {fileID: 0}
  m_PrefabInstance: {fileID: 0}
  m_PrefabAsset: {fileID: 0}
  m_GameObject: {fileID: 7124150616553187994}
  m_Enabled: 1
  m_EditorHideFlags: 0
  m_Script: {fileID: 11500000, guid: b743c5d545f9e45c89df3aa9aa5c9fa9, type: 3}
  m_Name: 
  m_EditorClassIdentifier: 
  bump:
    SourceScene: {fileID: 0}
    SourceObject: {fileID: 0}
    BumpInOffset: {x: 0, y: 1000}
    BumpOutOffset: {x: 0, y: -1000}
    NoLerp: 0
    TriggerBumpOut: 0
    BumpSpeed: 0.5
    FadeIn: 0
    FadeOut: 0
    BumpPause: 3
    DefaultAlpha: 1
    BumpInComplete:
      m_PersistentCalls:
        m_Calls: []
    BumpOutComplete:
      m_PersistentCalls:
        m_Calls:
        - m_Target: {fileID: 7124150616553187994}
          m_TargetAssemblyTypeName: UnityEngine.GameObject, UnityEngine
          m_MethodName: SetActive
          m_Mode: 6
          m_Arguments:
            m_ObjectArgument: {fileID: 0}
            m_ObjectArgumentAssemblyTypeName: UnityEngine.Object, UnityEngine
            m_IntArgument: 0
            m_FloatArgument: 0
            m_StringArgument: 
            m_BoolArgument: 0
          m_CallState: 2
        - m_Target: {fileID: 7124150617255281168}
          m_TargetAssemblyTypeName: UnityEngine.GameObject, UnityEngine
          m_MethodName: SetActive
          m_Mode: 6
          m_Arguments:
            m_ObjectArgument: {fileID: 0}
            m_ObjectArgumentAssemblyTypeName: UnityEngine.Object, UnityEngine
            m_IntArgument: 0
            m_FloatArgument: 0
            m_StringArgument: 
            m_BoolArgument: 1
          m_CallState: 2
    Active: 0
--- !u!225 &7124150616553187988
CanvasGroup:
  m_ObjectHideFlags: 0
  m_CorrespondingSourceObject: {fileID: 0}
  m_PrefabInstance: {fileID: 0}
  m_PrefabAsset: {fileID: 0}
  m_GameObject: {fileID: 7124150616553187994}
  m_Enabled: 1
  m_Alpha: 1
  m_Interactable: 1
  m_BlocksRaycasts: 1
  m_IgnoreParentGroups: 0
--- !u!114 &7124150616553187989
MonoBehaviour:
  m_ObjectHideFlags: 0
  m_CorrespondingSourceObject: {fileID: 0}
  m_PrefabInstance: {fileID: 0}
  m_PrefabAsset: {fileID: 0}
  m_GameObject: {fileID: 7124150616553187994}
  m_Enabled: 1
  m_EditorHideFlags: 0
  m_Script: {fileID: 11500000, guid: cfabb0440166ab443bba8876756fdfa9, type: 3}
  m_Name: 
  m_EditorClassIdentifier: 
  m_EffectColor: {r: 0, g: 0, b: 0, a: 0.5}
  m_EffectDistance: {x: 0, y: -35}
  m_UseGraphicAlpha: 1
--- !u!1 &7124150616642761031
GameObject:
  m_ObjectHideFlags: 0
  m_CorrespondingSourceObject: {fileID: 0}
  m_PrefabInstance: {fileID: 0}
  m_PrefabAsset: {fileID: 0}
  serializedVersion: 6
  m_Component:
  - component: {fileID: 7124150616642761030}
  - component: {fileID: 7124150616642761085}
  - component: {fileID: 7124150616642761026}
  - component: {fileID: 7124150616642761027}
  - component: {fileID: 7124150616642761024}
  - component: {fileID: 7124150616642761025}
  m_Layer: 5
  m_Name: Board-01
  m_TagString: Untagged
  m_Icon: {fileID: 0}
  m_NavMeshLayer: 0
  m_StaticEditorFlags: 0
  m_IsActive: 1
--- !u!224 &7124150616642761030
RectTransform:
  m_ObjectHideFlags: 0
  m_CorrespondingSourceObject: {fileID: 0}
  m_PrefabInstance: {fileID: 0}
  m_PrefabAsset: {fileID: 0}
  m_GameObject: {fileID: 7124150616642761031}
  m_LocalRotation: {x: -0, y: -0, z: 0.043619405, w: 0.9990483}
  m_LocalPosition: {x: 0, y: 0, z: 0}
  m_LocalScale: {x: 0.74999994, y: 0.74999994, z: 1}
  m_Children: []
  m_Father: {fileID: 7124150618458407627}
  m_RootOrder: 4
  m_LocalEulerAnglesHint: {x: 0, y: 0, z: 5}
  m_AnchorMin: {x: 0, y: 0.5}
  m_AnchorMax: {x: 0, y: 0.5}
  m_AnchoredPosition: {x: -25, y: -25}
  m_SizeDelta: {x: 1080, y: 1079}
  m_Pivot: {x: 0, y: 0.5}
--- !u!222 &7124150616642761085
CanvasRenderer:
  m_ObjectHideFlags: 0
  m_CorrespondingSourceObject: {fileID: 0}
  m_PrefabInstance: {fileID: 0}
  m_PrefabAsset: {fileID: 0}
  m_GameObject: {fileID: 7124150616642761031}
  m_CullTransparentMesh: 1
--- !u!114 &7124150616642761026
MonoBehaviour:
  m_ObjectHideFlags: 0
  m_CorrespondingSourceObject: {fileID: 0}
  m_PrefabInstance: {fileID: 0}
  m_PrefabAsset: {fileID: 0}
  m_GameObject: {fileID: 7124150616642761031}
  m_Enabled: 1
  m_EditorHideFlags: 0
  m_Script: {fileID: 11500000, guid: fe87c0e1cc204ed48ad3b37840f39efc, type: 3}
  m_Name: 
  m_EditorClassIdentifier: 
  m_Material: {fileID: 0}
  m_Color: {r: 1, g: 1, b: 1, a: 1}
  m_RaycastTarget: 1
  m_RaycastPadding: {x: 0, y: 0, z: 0, w: 0}
  m_Maskable: 1
  m_OnCullStateChanged:
    m_PersistentCalls:
      m_Calls: []
  m_Sprite: {fileID: 21300000, guid: a9414f08579d446bb867fce1d8dd8359, type: 3}
  m_Type: 0
  m_PreserveAspect: 0
  m_FillCenter: 1
  m_FillMethod: 4
  m_FillAmount: 1
  m_FillClockwise: 1
  m_FillOrigin: 0
  m_UseSpriteMesh: 0
  m_PixelsPerUnitMultiplier: 1
--- !u!114 &7124150616642761027
MonoBehaviour:
  m_ObjectHideFlags: 0
  m_CorrespondingSourceObject: {fileID: 0}
  m_PrefabInstance: {fileID: 0}
  m_PrefabAsset: {fileID: 0}
  m_GameObject: {fileID: 7124150616642761031}
  m_Enabled: 1
  m_EditorHideFlags: 0
  m_Script: {fileID: 11500000, guid: b743c5d545f9e45c89df3aa9aa5c9fa9, type: 3}
  m_Name: 
  m_EditorClassIdentifier: 
  bump:
    SourceScene: {fileID: 0}
    SourceObject: {fileID: 0}
    BumpInOffset: {x: 0, y: 1000}
    BumpOutOffset: {x: 0, y: -1000}
    NoLerp: 0
    TriggerBumpOut: 0
    BumpSpeed: 0.5
    FadeIn: 0
    FadeOut: 0
    BumpPause: 3
    DefaultAlpha: 1
    BumpInComplete:
      m_PersistentCalls:
        m_Calls: []
    BumpOutComplete:
      m_PersistentCalls:
        m_Calls:
        - m_Target: {fileID: 7124150616642761031}
          m_TargetAssemblyTypeName: UnityEngine.GameObject, UnityEngine
          m_MethodName: SetActive
          m_Mode: 6
          m_Arguments:
            m_ObjectArgument: {fileID: 0}
            m_ObjectArgumentAssemblyTypeName: UnityEngine.Object, UnityEngine
            m_IntArgument: 0
            m_FloatArgument: 0
            m_StringArgument: 
            m_BoolArgument: 0
          m_CallState: 2
        - m_Target: {fileID: 7124150616553187994}
          m_TargetAssemblyTypeName: UnityEngine.GameObject, UnityEngine
          m_MethodName: SetActive
          m_Mode: 6
          m_Arguments:
            m_ObjectArgument: {fileID: 0}
            m_ObjectArgumentAssemblyTypeName: UnityEngine.Object, UnityEngine
            m_IntArgument: 0
            m_FloatArgument: 0
            m_StringArgument: 
            m_BoolArgument: 1
          m_CallState: 2
    Active: 0
--- !u!225 &7124150616642761024
CanvasGroup:
  m_ObjectHideFlags: 0
  m_CorrespondingSourceObject: {fileID: 0}
  m_PrefabInstance: {fileID: 0}
  m_PrefabAsset: {fileID: 0}
  m_GameObject: {fileID: 7124150616642761031}
  m_Enabled: 1
  m_Alpha: 1
  m_Interactable: 1
  m_BlocksRaycasts: 1
  m_IgnoreParentGroups: 0
--- !u!114 &7124150616642761025
MonoBehaviour:
  m_ObjectHideFlags: 0
  m_CorrespondingSourceObject: {fileID: 0}
  m_PrefabInstance: {fileID: 0}
  m_PrefabAsset: {fileID: 0}
  m_GameObject: {fileID: 7124150616642761031}
  m_Enabled: 1
  m_EditorHideFlags: 0
  m_Script: {fileID: 11500000, guid: cfabb0440166ab443bba8876756fdfa9, type: 3}
  m_Name: 
  m_EditorClassIdentifier: 
  m_EffectColor: {r: 0, g: 0, b: 0, a: 0.5}
  m_EffectDistance: {x: 0, y: -35}
  m_UseGraphicAlpha: 1
--- !u!1 &7124150616744785121
GameObject:
  m_ObjectHideFlags: 0
  m_CorrespondingSourceObject: {fileID: 0}
  m_PrefabInstance: {fileID: 0}
  m_PrefabAsset: {fileID: 0}
  serializedVersion: 6
  m_Component:
  - component: {fileID: 7124150616744785120}
  - component: {fileID: 7124150616744785123}
  m_Layer: 5
  m_Name: pfx-SeaSparkle01
  m_TagString: Untagged
  m_Icon: {fileID: 0}
  m_NavMeshLayer: 0
  m_StaticEditorFlags: 0
  m_IsActive: 1
--- !u!224 &7124150616744785120
RectTransform:
  m_ObjectHideFlags: 0
  m_CorrespondingSourceObject: {fileID: 0}
  m_PrefabInstance: {fileID: 0}
  m_PrefabAsset: {fileID: 0}
  m_GameObject: {fileID: 7124150616744785121}
  m_LocalRotation: {x: -0, y: -0, z: -0, w: 1}
  m_LocalPosition: {x: 0, y: 0, z: 0}
  m_LocalScale: {x: 1, y: 1, z: 1}
  m_Children: []
  m_Father: {fileID: 7124150618458407627}
  m_RootOrder: 1
  m_LocalEulerAnglesHint: {x: 0, y: 0, z: 0}
  m_AnchorMin: {x: 0, y: 0.5}
  m_AnchorMax: {x: 1, y: 0.5}
  m_AnchoredPosition: {x: 0, y: 35}
  m_SizeDelta: {x: 0, y: 400}
  m_Pivot: {x: 0.5, y: 0.5}
--- !u!114 &7124150616744785123
MonoBehaviour:
  m_ObjectHideFlags: 0
  m_CorrespondingSourceObject: {fileID: 0}
  m_PrefabInstance: {fileID: 0}
  m_PrefabAsset: {fileID: 0}
  m_GameObject: {fileID: 7124150616744785121}
  m_Enabled: 1
  m_EditorHideFlags: 0
  m_Script: {fileID: 11500000, guid: c870b4cc65c0e4540bbe8290801d41a6, type: 3}
  m_Name: 
  m_EditorClassIdentifier: 
  Creator:
    AlternateParent: {fileID: 0}
    RootParticle: 0
    MaxParticles: 50
    AlternateSprite: []
    SpriteImage:
    - {fileID: 21300000, guid: aaa4d836d5c26420dbc1314e9da970b8, type: 3}
    PivotPoint: {x: 0.5, y: 0.5}
    RandomStart: 0
  Mover:
    Bounce: 0
    Speed: 5
    RandomSpeed: 1
    Delta: {x: 5, y: 0}
    RandomDelta: 1
    FlipDelta: {x: 0, y: 0}
    Throttle: 0
    RandomThrottle: 0
    Gravity: {x: 0, y: 0}
    GravityMultiplier: 1.001
    RandomGravity: 0
    SwirlVelocity: {x: 0, y: 0}
    RandomVelocity: 0
    RandomDirection: 0
    LockVelocity: 0
    SwirlRadius: {x: 0, y: 0}
    RandomRadius: 0
    LockRadius: 0
  Spawner:
    TopLeft: 0
    TopRight: 0
    BottomLeft: 0
    BottomRight: 0
    ClampTop: 0
    ClampBottom: 0
    ClampLeft: 0
    ClampRight: 0
    FxArea: {x: 0, y: 0}
    Grid: 0
    Border: 0
    PopPop: 0
    RandomPopPop: 0
    Burst: 0
    ResetOffscreen: 0
  Shaper:
    SizeMod: {x: 0, y: 0}
    RandomSize: 0
    SizeModRate: 0
    ScaleMin: 0.5
    ScaleMax: 1
    Rotate: {x: 0, y: 0, z: 0}
    SetRotation: {x: 0, y: 0, z: 45}
    RandomRotate: 0
    RandomRotation: 0
    RandomFlip: 1
  Mixer:
    FxMaterial: {fileID: 2100000, guid: 4b6459b70f8eb4c2c92feec5b0fd8013, type: 2}
    Colour: {r: 1, g: 1, b: 1, a: 1}
    Mixer: 0
    LockRed: 0
    LockGreen: 0
    LockBlue: 0
    NoRed: 0
    NoGreen: 0
    NoBlue: 0
    Desaturate: 0
    RandomDesaturate: 0
    RandomAlpha: 0
    PulsarDelay: 0.05
    PulsarColour:
    - {r: 1, g: 1, b: 1, a: 1}
    - {r: 0.5, g: 0.5, b: 0.5, a: 1}
    - {r: 0, g: 0, b: 0, a: 1}
  Fader:
    FadeIn: 0.5
    RandomFadeIn: 0
    FadeDelay: 0
    RandomFadeDelay: 0
    FadeOut: 0.5
    RandomFadeOut: 0
    Life: 0
    RandomLife: 0
  Trailer:
    Generator: 0
    Delay: 0
    RandomDelay: 0
    UsePulsarColours: 0
    Fader:
      FadeIn: 0
      RandomFadeIn: 0
      FadeDelay: 0
      RandomFadeDelay: 0
      FadeOut: 0
      RandomFadeOut: 0
      Life: 0
      RandomLife: 0
--- !u!1 &7124150616802269563
GameObject:
  m_ObjectHideFlags: 0
  m_CorrespondingSourceObject: {fileID: 0}
  m_PrefabInstance: {fileID: 0}
  m_PrefabAsset: {fileID: 0}
  serializedVersion: 6
  m_Component:
  - component: {fileID: 7124150616802269562}
  m_Layer: 5
  m_Name: OtterElements
  m_TagString: Untagged
  m_Icon: {fileID: 0}
  m_NavMeshLayer: 0
  m_StaticEditorFlags: 0
  m_IsActive: 1
--- !u!224 &7124150616802269562
RectTransform:
  m_ObjectHideFlags: 0
  m_CorrespondingSourceObject: {fileID: 0}
  m_PrefabInstance: {fileID: 0}
  m_PrefabAsset: {fileID: 0}
  m_GameObject: {fileID: 7124150616802269563}
  m_LocalRotation: {x: 0, y: 0, z: 0, w: 1}
  m_LocalPosition: {x: 0, y: 0, z: 0}
  m_LocalScale: {x: 1, y: 1, z: 1}
  m_Children:
  - {fileID: 7124150617027039232}
  - {fileID: 7124150616831693879}
  - {fileID: 7124150617969107128}
  m_Father: {fileID: 7124150618458407627}
  m_RootOrder: 5
  m_LocalEulerAnglesHint: {x: 0, y: 0, z: 0}
  m_AnchorMin: {x: 0.5, y: 0.5}
  m_AnchorMax: {x: 0.5, y: 0.5}
  m_AnchoredPosition: {x: 375, y: -125}
  m_SizeDelta: {x: 960.23444, y: 960}
  m_Pivot: {x: 0.5, y: 0.5}
--- !u!1 &7124150616831693876
GameObject:
  m_ObjectHideFlags: 0
  m_CorrespondingSourceObject: {fileID: 0}
  m_PrefabInstance: {fileID: 0}
  m_PrefabAsset: {fileID: 0}
  serializedVersion: 6
  m_Component:
  - component: {fileID: 7124150616831693879}
  - component: {fileID: 7124150616831693878}
  m_Layer: 5
  m_Name: pfx-SandCloudL
  m_TagString: Untagged
  m_Icon: {fileID: 0}
  m_NavMeshLayer: 0
  m_StaticEditorFlags: 0
  m_IsActive: 1
--- !u!224 &7124150616831693879
RectTransform:
  m_ObjectHideFlags: 0
  m_CorrespondingSourceObject: {fileID: 0}
  m_PrefabInstance: {fileID: 0}
  m_PrefabAsset: {fileID: 0}
  m_GameObject: {fileID: 7124150616831693876}
  m_LocalRotation: {x: 0, y: 0, z: 0, w: 1}
  m_LocalPosition: {x: 0, y: 0, z: 0}
  m_LocalScale: {x: 1, y: 1, z: 1}
  m_Children: []
  m_Father: {fileID: 7124150616802269562}
  m_RootOrder: 1
  m_LocalEulerAnglesHint: {x: 0, y: 0, z: 0}
  m_AnchorMin: {x: 0.5, y: 0.5}
  m_AnchorMax: {x: 0.5, y: 0.5}
  m_AnchoredPosition: {x: -50, y: -400}
  m_SizeDelta: {x: 100, y: 100}
  m_Pivot: {x: 0.5, y: 0.5}
--- !u!114 &7124150616831693878
MonoBehaviour:
  m_ObjectHideFlags: 0
  m_CorrespondingSourceObject: {fileID: 0}
  m_PrefabInstance: {fileID: 0}
  m_PrefabAsset: {fileID: 0}
  m_GameObject: {fileID: 7124150616831693876}
  m_Enabled: 1
  m_EditorHideFlags: 0
  m_Script: {fileID: 11500000, guid: c870b4cc65c0e4540bbe8290801d41a6, type: 3}
  m_Name: 
  m_EditorClassIdentifier: 
  Creator:
    AlternateParent: {fileID: 0}
    RootParticle: 0
    MaxParticles: 1
    AlternateSprite: []
    SpriteImage:
    - {fileID: 21300000, guid: 90ab6b42273274684bb1c32f3fe73fb2, type: 3}
    - {fileID: 21300000, guid: 2b69cf1221eec479fbabf22967f75d91, type: 3}
    PivotPoint: {x: 0.5, y: 0.5}
    RandomStart: 0
  Mover:
    Bounce: 0
    Speed: 10
    RandomSpeed: 0
    Delta: {x: -5, y: 0}
    RandomDelta: 0
    FlipDelta: {x: 0, y: 0}
    Throttle: 0
    RandomThrottle: 0
    Gravity: {x: 0, y: 0}
    GravityMultiplier: 1.001
    RandomGravity: 0
    SwirlVelocity: {x: 0, y: 0}
    RandomVelocity: 0
    RandomDirection: 0
    LockVelocity: 0
    SwirlRadius: {x: 0, y: 0}
    RandomRadius: 0
    LockRadius: 0
  Spawner:
    TopLeft: 0
    TopRight: 0
    BottomLeft: 0
    BottomRight: 0
    ClampTop: 0
    ClampBottom: 0
    ClampLeft: 0
    ClampRight: 0
    FxArea: {x: 0.1, y: 0.1}
    Grid: 0
    Border: 0
    PopPop: 0
    RandomPopPop: 0
    Burst: 0
    ResetOffscreen: 0
  Shaper:
    SizeMod: {x: 0, y: 0}
    RandomSize: 0
    SizeModRate: 0
    ScaleMin: 0
    ScaleMax: 0
    Rotate: {x: 0, y: 0, z: 0}
    SetRotation: {x: 0, y: 0, z: 0}
    RandomRotate: 0
    RandomRotation: 0
    RandomFlip: 0
  Mixer:
    FxMaterial: {fileID: 0}
    Colour: {r: 1, g: 1, b: 1, a: 1}
    Mixer: 0
    LockRed: 0
    LockGreen: 0
    LockBlue: 0
    NoRed: 0
    NoGreen: 0
    NoBlue: 0
    Desaturate: 0
    RandomDesaturate: 0
    RandomAlpha: 0
    PulsarDelay: 0
    PulsarColour:
    - {r: 0, g: 0, b: 0, a: 0}
    - {r: 0, g: 0, b: 0, a: 0}
  Fader:
    FadeIn: 1
    RandomFadeIn: 0
    FadeDelay: 1
    RandomFadeDelay: 1
    FadeOut: 1
    RandomFadeOut: 0
    Life: 0
    RandomLife: 0
  Trailer:
    Generator: 0
    Delay: 0
    RandomDelay: 0
    UsePulsarColours: 0
    Fader:
      FadeIn: 0
      RandomFadeIn: 0
      FadeDelay: 0
      RandomFadeDelay: 0
      FadeOut: 0
      RandomFadeOut: 0
      Life: 0
      RandomLife: 0
--- !u!1 &7124150617027039233
GameObject:
  m_ObjectHideFlags: 0
  m_CorrespondingSourceObject: {fileID: 0}
  m_PrefabInstance: {fileID: 0}
  m_PrefabAsset: {fileID: 0}
  serializedVersion: 6
  m_Component:
  - component: {fileID: 7124150617027039232}
  - component: {fileID: 5067539756074580413}
  m_Layer: 5
  m_Name: anmOtter
  m_TagString: Untagged
  m_Icon: {fileID: 0}
  m_NavMeshLayer: 0
  m_StaticEditorFlags: 0
  m_IsActive: 1
--- !u!224 &7124150617027039232
RectTransform:
  m_ObjectHideFlags: 0
  m_CorrespondingSourceObject: {fileID: 0}
  m_PrefabInstance: {fileID: 0}
  m_PrefabAsset: {fileID: 0}
  m_GameObject: {fileID: 7124150617027039233}
  m_LocalRotation: {x: 0, y: 0, z: 0, w: 1}
  m_LocalPosition: {x: 0, y: 0, z: 0}
  m_LocalScale: {x: 0.75, y: 0.75, z: 1}
  m_Children: []
  m_Father: {fileID: 7124150616802269562}
  m_RootOrder: 0
  m_LocalEulerAnglesHint: {x: 0, y: 0, z: 0}
  m_AnchorMin: {x: 0.5, y: 0.5}
  m_AnchorMax: {x: 0.5, y: 0.5}
  m_AnchoredPosition: {x: 0, y: 0}
  m_SizeDelta: {x: 100, y: 100}
  m_Pivot: {x: 0.5, y: 0.5}
--- !u!114 &5067539756074580413
MonoBehaviour:
  m_ObjectHideFlags: 0
  m_CorrespondingSourceObject: {fileID: 0}
  m_PrefabInstance: {fileID: 0}
  m_PrefabAsset: {fileID: 0}
  m_GameObject: {fileID: 7124150617027039233}
  m_Enabled: 1
  m_EditorHideFlags: 0
  m_Script: {fileID: 11500000, guid: 1318e6c74aa5c4191a36b540482e5cb8, type: 3}
  m_Name: 
  m_EditorClassIdentifier: 
  frameBlend: 0
  frameRandomX: 0
  frameRandomY: 0
  frameRotate: 0
  frameMaterial: {fileID: 0}
  frameSheet: {fileID: -714873909380592863, guid: a5ac49ce4f9c6427a9e71732e2257f27,
    type: 3}
  frames: []
  clipActive: 0
  clipRandom: 0
  clipStrip: 0
  clip:
  - clipName: Jump
    clipDelay: 0
    clipFrames: 0,0,0,1,2,3,4,1,2,3,4,1,2,3,4,1,0,0,0,0,0,0,0
    clipFrameList: []
    clipSpeed: 0.2
    clipStart: 0
    clipLoop: 1
    clipIndex: 0
  clipCopy: []
  finishedAnimating:
    m_PersistentCalls:
      m_Calls: []
--- !u!1 &7124150617255281168
GameObject:
  m_ObjectHideFlags: 0
  m_CorrespondingSourceObject: {fileID: 0}
  m_PrefabInstance: {fileID: 0}
  m_PrefabAsset: {fileID: 0}
  serializedVersion: 6
  m_Component:
  - component: {fileID: 7124150617255281166}
  - component: {fileID: 7124150617255281167}
  - component: {fileID: 7124150617255281164}
  - component: {fileID: 7124150617255281165}
  - component: {fileID: 7124150617255281170}
  - component: {fileID: 7124150617255281171}
  m_Layer: 5
  m_Name: Board-03
  m_TagString: Untagged
  m_Icon: {fileID: 0}
  m_NavMeshLayer: 0
  m_StaticEditorFlags: 0
  m_IsActive: 0
--- !u!224 &7124150617255281166
RectTransform:
  m_ObjectHideFlags: 0
  m_CorrespondingSourceObject: {fileID: 0}
  m_PrefabInstance: {fileID: 0}
  m_PrefabAsset: {fileID: 0}
  m_GameObject: {fileID: 7124150617255281168}
  m_LocalRotation: {x: -0, y: -0, z: 0.043619405, w: 0.9990483}
  m_LocalPosition: {x: 0, y: 0, z: 0}
  m_LocalScale: {x: 0.74999994, y: 0.74999994, z: 1}
  m_Children: []
  m_Father: {fileID: 7124150618458407627}
  m_RootOrder: 2
  m_LocalEulerAnglesHint: {x: 0, y: 0, z: 5}
  m_AnchorMin: {x: 0, y: 0.5}
  m_AnchorMax: {x: 0, y: 0.5}
  m_AnchoredPosition: {x: -25, y: -25}
  m_SizeDelta: {x: 1080, y: 1079}
  m_Pivot: {x: 0, y: 0.5}
--- !u!222 &7124150617255281167
CanvasRenderer:
  m_ObjectHideFlags: 0
  m_CorrespondingSourceObject: {fileID: 0}
  m_PrefabInstance: {fileID: 0}
  m_PrefabAsset: {fileID: 0}
  m_GameObject: {fileID: 7124150617255281168}
  m_CullTransparentMesh: 1
--- !u!114 &7124150617255281164
MonoBehaviour:
  m_ObjectHideFlags: 0
  m_CorrespondingSourceObject: {fileID: 0}
  m_PrefabInstance: {fileID: 0}
  m_PrefabAsset: {fileID: 0}
  m_GameObject: {fileID: 7124150617255281168}
  m_Enabled: 1
  m_EditorHideFlags: 0
  m_Script: {fileID: 11500000, guid: fe87c0e1cc204ed48ad3b37840f39efc, type: 3}
  m_Name: 
  m_EditorClassIdentifier: 
  m_Material: {fileID: 0}
  m_Color: {r: 1, g: 1, b: 1, a: 1}
  m_RaycastTarget: 1
  m_RaycastPadding: {x: 0, y: 0, z: 0, w: 0}
  m_Maskable: 1
  m_OnCullStateChanged:
    m_PersistentCalls:
      m_Calls: []
  m_Sprite: {fileID: 21300000, guid: 4fb726b2bfe3e4b01ace780f9654f4eb, type: 3}
  m_Type: 0
  m_PreserveAspect: 0
  m_FillCenter: 1
  m_FillMethod: 4
  m_FillAmount: 1
  m_FillClockwise: 1
  m_FillOrigin: 0
  m_UseSpriteMesh: 0
  m_PixelsPerUnitMultiplier: 1
--- !u!114 &7124150617255281165
MonoBehaviour:
  m_ObjectHideFlags: 0
  m_CorrespondingSourceObject: {fileID: 0}
  m_PrefabInstance: {fileID: 0}
  m_PrefabAsset: {fileID: 0}
  m_GameObject: {fileID: 7124150617255281168}
  m_Enabled: 1
  m_EditorHideFlags: 0
  m_Script: {fileID: 11500000, guid: b743c5d545f9e45c89df3aa9aa5c9fa9, type: 3}
  m_Name: 
  m_EditorClassIdentifier: 
  bump:
    SourceScene: {fileID: 0}
    SourceObject: {fileID: 0}
    BumpInOffset: {x: 0, y: 1000}
    BumpOutOffset: {x: 0, y: -1000}
    NoLerp: 0
    TriggerBumpOut: 0
    BumpSpeed: 0.5
    FadeIn: 0
    FadeOut: 0
    BumpPause: 3
    DefaultAlpha: 1
    BumpInComplete:
      m_PersistentCalls:
        m_Calls: []
    BumpOutComplete:
      m_PersistentCalls:
        m_Calls:
        - m_Target: {fileID: 7124150617255281168}
          m_TargetAssemblyTypeName: UnityEngine.GameObject, UnityEngine
          m_MethodName: SetActive
          m_Mode: 6
          m_Arguments:
            m_ObjectArgument: {fileID: 0}
            m_ObjectArgumentAssemblyTypeName: UnityEngine.Object, UnityEngine
            m_IntArgument: 0
            m_FloatArgument: 0
            m_StringArgument: 
            m_BoolArgument: 0
          m_CallState: 2
        - m_Target: {fileID: 7124150616642761031}
          m_TargetAssemblyTypeName: UnityEngine.GameObject, UnityEngine
          m_MethodName: SetActive
          m_Mode: 6
          m_Arguments:
            m_ObjectArgument: {fileID: 0}
            m_ObjectArgumentAssemblyTypeName: UnityEngine.Object, UnityEngine
            m_IntArgument: 0
            m_FloatArgument: 0
            m_StringArgument: 
            m_BoolArgument: 1
          m_CallState: 2
    Active: 0
--- !u!225 &7124150617255281170
CanvasGroup:
  m_ObjectHideFlags: 0
  m_CorrespondingSourceObject: {fileID: 0}
  m_PrefabInstance: {fileID: 0}
  m_PrefabAsset: {fileID: 0}
  m_GameObject: {fileID: 7124150617255281168}
  m_Enabled: 1
  m_Alpha: 1
  m_Interactable: 1
  m_BlocksRaycasts: 1
  m_IgnoreParentGroups: 0
--- !u!114 &7124150617255281171
MonoBehaviour:
  m_ObjectHideFlags: 0
  m_CorrespondingSourceObject: {fileID: 0}
  m_PrefabInstance: {fileID: 0}
  m_PrefabAsset: {fileID: 0}
  m_GameObject: {fileID: 7124150617255281168}
  m_Enabled: 1
  m_EditorHideFlags: 0
  m_Script: {fileID: 11500000, guid: cfabb0440166ab443bba8876756fdfa9, type: 3}
  m_Name: 
  m_EditorClassIdentifier: 
  m_EffectColor: {r: 0, g: 0, b: 0, a: 0.5}
  m_EffectDistance: {x: 0, y: -35}
  m_UseGraphicAlpha: 1
--- !u!1 &7124150617527485777
GameObject:
  m_ObjectHideFlags: 0
  m_CorrespondingSourceObject: {fileID: 0}
  m_PrefabInstance: {fileID: 0}
  m_PrefabAsset: {fileID: 0}
  serializedVersion: 6
  m_Component:
  - component: {fileID: 7124150617527485776}
  - component: {fileID: 7124150617527485773}
  - component: {fileID: 7124150617527485778}
  - component: {fileID: 7124150617527485779}
  m_Layer: 5
  m_Name: imgLogo
  m_TagString: Untagged
  m_Icon: {fileID: 0}
  m_NavMeshLayer: 0
  m_StaticEditorFlags: 0
  m_IsActive: 1
--- !u!224 &7124150617527485776
RectTransform:
  m_ObjectHideFlags: 0
  m_CorrespondingSourceObject: {fileID: 0}
  m_PrefabInstance: {fileID: 0}
  m_PrefabAsset: {fileID: 0}
  m_GameObject: {fileID: 7124150617527485777}
  m_LocalRotation: {x: -0, y: -0, z: -0, w: 1}
  m_LocalPosition: {x: 0, y: 0, z: 0}
  m_LocalScale: {x: 0.6, y: 0.6, z: 1}
  m_Children: []
  m_Father: {fileID: 7124150617991597400}
  m_RootOrder: 1
  m_LocalEulerAnglesHint: {x: 0, y: 0, z: 0}
  m_AnchorMin: {x: 1, y: 1}
  m_AnchorMax: {x: 1, y: 1}
  m_AnchoredPosition: {x: 0, y: 0}
  m_SizeDelta: {x: 965, y: 452}
  m_Pivot: {x: 1, y: 1}
--- !u!222 &7124150617527485773
CanvasRenderer:
  m_ObjectHideFlags: 0
  m_CorrespondingSourceObject: {fileID: 0}
  m_PrefabInstance: {fileID: 0}
  m_PrefabAsset: {fileID: 0}
  m_GameObject: {fileID: 7124150617527485777}
  m_CullTransparentMesh: 1
--- !u!114 &7124150617527485778
MonoBehaviour:
  m_ObjectHideFlags: 0
  m_CorrespondingSourceObject: {fileID: 0}
  m_PrefabInstance: {fileID: 0}
  m_PrefabAsset: {fileID: 0}
  m_GameObject: {fileID: 7124150617527485777}
  m_Enabled: 1
  m_EditorHideFlags: 0
  m_Script: {fileID: 11500000, guid: fe87c0e1cc204ed48ad3b37840f39efc, type: 3}
  m_Name: 
  m_EditorClassIdentifier: 
  m_Material: {fileID: 0}
  m_Color: {r: 1, g: 1, b: 1, a: 1}
  m_RaycastTarget: 1
  m_RaycastPadding: {x: 0, y: 0, z: 0, w: 0}
  m_Maskable: 1
  m_OnCullStateChanged:
    m_PersistentCalls:
      m_Calls: []
  m_Sprite: {fileID: 21300000, guid: a5d5a15ec829c4e5899b0351316a7a5c, type: 3}
  m_Type: 0
  m_PreserveAspect: 0
  m_FillCenter: 1
  m_FillMethod: 4
  m_FillAmount: 1
  m_FillClockwise: 1
  m_FillOrigin: 0
  m_UseSpriteMesh: 0
  m_PixelsPerUnitMultiplier: 1
--- !u!114 &7124150617527485779
MonoBehaviour:
  m_ObjectHideFlags: 0
  m_CorrespondingSourceObject: {fileID: 0}
  m_PrefabInstance: {fileID: 0}
  m_PrefabAsset: {fileID: 0}
  m_GameObject: {fileID: 7124150617527485777}
  m_Enabled: 1
  m_EditorHideFlags: 0
  m_Script: {fileID: 11500000, guid: cfabb0440166ab443bba8876756fdfa9, type: 3}
  m_Name: 
  m_EditorClassIdentifier: 
  m_EffectColor: {r: 0, g: 0, b: 0, a: 0.7490196}
  m_EffectDistance: {x: 1, y: -25}
  m_UseGraphicAlpha: 1
--- !u!1 &7124150617759718113
GameObject:
  m_ObjectHideFlags: 0
  m_CorrespondingSourceObject: {fileID: 0}
  m_PrefabInstance: {fileID: 0}
  m_PrefabAsset: {fileID: 0}
  serializedVersion: 6
  m_Component:
  - component: {fileID: 7124150617759718112}
  - component: {fileID: 7124150617759718114}
  - component: {fileID: 7124150617759718115}
  m_Layer: 5
  m_Name: imgBG
  m_TagString: Untagged
  m_Icon: {fileID: 0}
  m_NavMeshLayer: 0
  m_StaticEditorFlags: 0
  m_IsActive: 1
--- !u!224 &7124150617759718112
RectTransform:
  m_ObjectHideFlags: 0
  m_CorrespondingSourceObject: {fileID: 0}
  m_PrefabInstance: {fileID: 0}
  m_PrefabAsset: {fileID: 0}
  m_GameObject: {fileID: 7124150617759718113}
  m_LocalRotation: {x: 0, y: 0, z: 0, w: 1}
  m_LocalPosition: {x: 0, y: 0, z: 0}
  m_LocalScale: {x: 1, y: 1, z: 1}
  m_Children: []
  m_Father: {fileID: 7124150618458407627}
  m_RootOrder: 0
  m_LocalEulerAnglesHint: {x: 0, y: 0, z: 0}
  m_AnchorMin: {x: 0, y: 0}
  m_AnchorMax: {x: 1, y: 1}
  m_AnchoredPosition: {x: 0, y: 0}
  m_SizeDelta: {x: 0, y: 0}
  m_Pivot: {x: 0.5, y: 0.5}
--- !u!222 &7124150617759718114
CanvasRenderer:
  m_ObjectHideFlags: 0
  m_CorrespondingSourceObject: {fileID: 0}
  m_PrefabInstance: {fileID: 0}
  m_PrefabAsset: {fileID: 0}
  m_GameObject: {fileID: 7124150617759718113}
  m_CullTransparentMesh: 1
--- !u!114 &7124150617759718115
MonoBehaviour:
  m_ObjectHideFlags: 0
  m_CorrespondingSourceObject: {fileID: 0}
  m_PrefabInstance: {fileID: 0}
  m_PrefabAsset: {fileID: 0}
  m_GameObject: {fileID: 7124150617759718113}
  m_Enabled: 1
  m_EditorHideFlags: 0
  m_Script: {fileID: 11500000, guid: fe87c0e1cc204ed48ad3b37840f39efc, type: 3}
  m_Name: 
  m_EditorClassIdentifier: 
  m_Material: {fileID: 0}
  m_Color: {r: 1, g: 1, b: 1, a: 1}
  m_RaycastTarget: 1
  m_RaycastPadding: {x: 0, y: 0, z: 0, w: 0}
  m_Maskable: 1
  m_OnCullStateChanged:
    m_PersistentCalls:
      m_Calls: []
  m_Sprite: {fileID: 21300000, guid: 4f64a8e92ea83438c8461377207ce9b7, type: 3}
  m_Type: 0
  m_PreserveAspect: 0
  m_FillCenter: 1
  m_FillMethod: 4
  m_FillAmount: 1
  m_FillClockwise: 1
  m_FillOrigin: 0
  m_UseSpriteMesh: 0
  m_PixelsPerUnitMultiplier: 1
--- !u!1 &7124150617969107129
GameObject:
  m_ObjectHideFlags: 0
  m_CorrespondingSourceObject: {fileID: 0}
  m_PrefabInstance: {fileID: 0}
  m_PrefabAsset: {fileID: 0}
  serializedVersion: 6
  m_Component:
  - component: {fileID: 7124150617969107128}
  - component: {fileID: 7124150617969107131}
  m_Layer: 5
  m_Name: pfx-SandCloudR
  m_TagString: Untagged
  m_Icon: {fileID: 0}
  m_NavMeshLayer: 0
  m_StaticEditorFlags: 0
  m_IsActive: 1
--- !u!224 &7124150617969107128
RectTransform:
  m_ObjectHideFlags: 0
  m_CorrespondingSourceObject: {fileID: 0}
  m_PrefabInstance: {fileID: 0}
  m_PrefabAsset: {fileID: 0}
  m_GameObject: {fileID: 7124150617969107129}
  m_LocalRotation: {x: 0, y: 0, z: 0, w: 1}
  m_LocalPosition: {x: 0, y: 0, z: 0}
  m_LocalScale: {x: 1, y: 1, z: 1}
  m_Children: []
  m_Father: {fileID: 7124150616802269562}
  m_RootOrder: 2
  m_LocalEulerAnglesHint: {x: 0, y: 0, z: 0}
  m_AnchorMin: {x: 0.5, y: 0.5}
  m_AnchorMax: {x: 0.5, y: 0.5}
  m_AnchoredPosition: {x: -50, y: -400}
  m_SizeDelta: {x: 100, y: 100}
  m_Pivot: {x: 0.5, y: 0.5}
--- !u!114 &7124150617969107131
MonoBehaviour:
  m_ObjectHideFlags: 0
  m_CorrespondingSourceObject: {fileID: 0}
  m_PrefabInstance: {fileID: 0}
  m_PrefabAsset: {fileID: 0}
  m_GameObject: {fileID: 7124150617969107129}
  m_Enabled: 1
  m_EditorHideFlags: 0
  m_Script: {fileID: 11500000, guid: c870b4cc65c0e4540bbe8290801d41a6, type: 3}
  m_Name: 
  m_EditorClassIdentifier: 
  Creator:
    AlternateParent: {fileID: 0}
    RootParticle: 0
    MaxParticles: 1
    AlternateSprite: []
    SpriteImage:
    - {fileID: 21300000, guid: 2f9901ef222aa49bbbf184eaf5aa9c0a, type: 3}
    - {fileID: 21300000, guid: 702460152ea6f47c8b97fcbda659d817, type: 3}
    PivotPoint: {x: 0.5, y: 0.5}
    RandomStart: 0
  Mover:
    Bounce: 0
    Speed: 10
    RandomSpeed: 0
    Delta: {x: 5, y: 0}
    RandomDelta: 0
    FlipDelta: {x: 0, y: 0}
    Throttle: 0
    RandomThrottle: 0
    Gravity: {x: 0, y: 0}
    GravityMultiplier: 1.001
    RandomGravity: 0
    SwirlVelocity: {x: 0, y: 0}
    RandomVelocity: 0
    RandomDirection: 0
    LockVelocity: 0
    SwirlRadius: {x: 0, y: 0}
    RandomRadius: 0
    LockRadius: 0
  Spawner:
    TopLeft: 0
    TopRight: 0
    BottomLeft: 0
    BottomRight: 0
    ClampTop: 0
    ClampBottom: 0
    ClampLeft: 0
    ClampRight: 0
    FxArea: {x: 0.1, y: 0.1}
    Grid: 0
    Border: 0
    PopPop: 0
    RandomPopPop: 0
    Burst: 0
    ResetOffscreen: 0
  Shaper:
    SizeMod: {x: 0, y: 0}
    RandomSize: 0
    SizeModRate: 0
    ScaleMin: 0
    ScaleMax: 0
    Rotate: {x: 0, y: 0, z: 0}
    SetRotation: {x: 0, y: 0, z: 0}
    RandomRotate: 0
    RandomRotation: 0
    RandomFlip: 0
  Mixer:
    FxMaterial: {fileID: 0}
    Colour: {r: 1, g: 1, b: 1, a: 1}
    Mixer: 0
    LockRed: 0
    LockGreen: 0
    LockBlue: 0
    NoRed: 0
    NoGreen: 0
    NoBlue: 0
    Desaturate: 0
    RandomDesaturate: 0
    RandomAlpha: 0
    PulsarDelay: 0
    PulsarColour:
    - {r: 0, g: 0, b: 0, a: 0}
    - {r: 0, g: 0, b: 0, a: 0}
  Fader:
    FadeIn: 1
    RandomFadeIn: 0
    FadeDelay: 1
    RandomFadeDelay: 1
    FadeOut: 1
    RandomFadeOut: 0
    Life: 0
    RandomLife: 0
  Trailer:
    Generator: 0
    Delay: 0
    RandomDelay: 0
    UsePulsarColours: 0
    Fader:
      FadeIn: 0
      RandomFadeIn: 0
      FadeDelay: 0
      RandomFadeDelay: 0
      FadeOut: 0
      RandomFadeOut: 0
      Life: 0
      RandomLife: 0
--- !u!1 &7124150617991597401
GameObject:
  m_ObjectHideFlags: 0
  m_CorrespondingSourceObject: {fileID: 0}
  m_PrefabInstance: {fileID: 0}
  m_PrefabAsset: {fileID: 0}
  serializedVersion: 6
  m_Component:
  - component: {fileID: 7124150617991597400}
  m_Layer: 5
  m_Name: CrossPromo-BubbleBuster
  m_TagString: Untagged
  m_Icon: {fileID: 0}
  m_NavMeshLayer: 0
  m_StaticEditorFlags: 0
  m_IsActive: 1
--- !u!224 &7124150617991597400
RectTransform:
  m_ObjectHideFlags: 0
  m_CorrespondingSourceObject: {fileID: 0}
  m_PrefabInstance: {fileID: 0}
  m_PrefabAsset: {fileID: 0}
  m_GameObject: {fileID: 7124150617991597401}
  m_LocalRotation: {x: 0, y: 0, z: 0, w: 1}
  m_LocalPosition: {x: 0, y: 0, z: 0}
  m_LocalScale: {x: 1, y: 1, z: 1}
  m_Children:
  - {fileID: 7124150618458407627}
  - {fileID: 7124150617527485776}
  m_Father: {fileID: 0}
  m_RootOrder: 0
  m_LocalEulerAnglesHint: {x: 0, y: 0, z: 0}
  m_AnchorMin: {x: 0.5, y: 0.5}
  m_AnchorMax: {x: 0.5, y: 0.5}
  m_AnchoredPosition: {x: 0, y: 0}
  m_SizeDelta: {x: 1080, y: 1080}
  m_Pivot: {x: 0.5, y: 0.5}
--- !u!1 &7124150618458407624
GameObject:
  m_ObjectHideFlags: 0
  m_CorrespondingSourceObject: {fileID: 0}
  m_PrefabInstance: {fileID: 0}
  m_PrefabAsset: {fileID: 0}
  serializedVersion: 6
  m_Component:
  - component: {fileID: 7124150618458407627}
  - component: {fileID: 7124150618458407620}
  - component: {fileID: 7124150618458407621}
  - component: {fileID: 7124150618458407626}
  m_Layer: 5
  m_Name: imgMask
  m_TagString: Untagged
  m_Icon: {fileID: 0}
  m_NavMeshLayer: 0
  m_StaticEditorFlags: 0
  m_IsActive: 1
--- !u!224 &7124150618458407627
RectTransform:
  m_ObjectHideFlags: 0
  m_CorrespondingSourceObject: {fileID: 0}
  m_PrefabInstance: {fileID: 0}
  m_PrefabAsset: {fileID: 0}
  m_GameObject: {fileID: 7124150618458407624}
  m_LocalRotation: {x: -0, y: -0, z: -0, w: 1}
  m_LocalPosition: {x: 0, y: 0, z: 0}
  m_LocalScale: {x: 1, y: 1, z: 1}
  m_Children:
  - {fileID: 7124150617759718112}
  - {fileID: 7124150616744785120}
  - {fileID: 7124150617255281166}
  - {fileID: 7124150616553187984}
  - {fileID: 7124150616642761030}
  - {fileID: 7124150616802269562}
  m_Father: {fileID: 7124150617991597400}
  m_RootOrder: 0
  m_LocalEulerAnglesHint: {x: 0, y: 0, z: 0}
  m_AnchorMin: {x: 0, y: 0}
  m_AnchorMax: {x: 1, y: 1}
  m_AnchoredPosition: {x: 0, y: 0}
  m_SizeDelta: {x: 0, y: 0}
  m_Pivot: {x: 0.5, y: 0.5}
--- !u!222 &7124150618458407620
CanvasRenderer:
  m_ObjectHideFlags: 0
  m_CorrespondingSourceObject: {fileID: 0}
  m_PrefabInstance: {fileID: 0}
  m_PrefabAsset: {fileID: 0}
  m_GameObject: {fileID: 7124150618458407624}
  m_CullTransparentMesh: 1
--- !u!114 &7124150618458407621
MonoBehaviour:
  m_ObjectHideFlags: 0
  m_CorrespondingSourceObject: {fileID: 0}
  m_PrefabInstance: {fileID: 0}
  m_PrefabAsset: {fileID: 0}
  m_GameObject: {fileID: 7124150618458407624}
  m_Enabled: 1
  m_EditorHideFlags: 0
  m_Script: {fileID: 11500000, guid: fe87c0e1cc204ed48ad3b37840f39efc, type: 3}
  m_Name: 
  m_EditorClassIdentifier: 
  m_Material: {fileID: 0}
  m_Color: {r: 1, g: 1, b: 1, a: 1}
  m_RaycastTarget: 1
  m_RaycastPadding: {x: 0, y: 0, z: 0, w: 0}
  m_Maskable: 1
  m_OnCullStateChanged:
    m_PersistentCalls:
      m_Calls: []
  m_Sprite: {fileID: 21300000, guid: 155e39184c8b74c0eb283f75e6d8cad5, type: 3}
  m_Type: 0
  m_PreserveAspect: 0
  m_FillCenter: 1
  m_FillMethod: 4
  m_FillAmount: 1
  m_FillClockwise: 1
  m_FillOrigin: 0
  m_UseSpriteMesh: 0
  m_PixelsPerUnitMultiplier: 1
--- !u!114 &7124150618458407626
MonoBehaviour:
  m_ObjectHideFlags: 0
  m_CorrespondingSourceObject: {fileID: 0}
  m_PrefabInstance: {fileID: 0}
  m_PrefabAsset: {fileID: 0}
  m_GameObject: {fileID: 7124150618458407624}
  m_Enabled: 1
  m_EditorHideFlags: 0
  m_Script: {fileID: 11500000, guid: 31a19414c41e5ae4aae2af33fee712f6, type: 3}
  m_Name: 
  m_EditorClassIdentifier: 
  m_ShowMaskGraphic: 1
